%% vim: set sts=4 et :

%%
%% Doc
%%
@misc{GIT,
      author         = "Junio C. Hamano, Shawn O. Pearce, Linus Torvalds and others",
      title          = "{GIT}",
      url            = "http://git-scm.com",
}

@misc{Minuit2,
      author         = "Lorenzo Moneta, Fred James, Matthias Winkler, Andras Zsenei",
      title          = "{Minuit2}",
      url            = "http://seal.web.cern.ch/seal/work-packages/mathlibs/minuit/release/relnotes2.html",
}

@misc{libpmc,
      author         = "Martin Kilbinger and others",
      title          = "{CosmoPMC}",
      url            = "http://www2.iap.fr/users/kilbinge/CosmoPMC/",
}


%%
%% Physics (in alphabetical order)
%%

@article{Bobeth:2003at,
      author         = "Bobeth, Christoph and Gambino, Paolo and Gorbahn, Martin
                        and Haisch, Ulrich",
      title          = "{Complete NNLO QCD analysis of $B \to X_s \ell^+ \ell^-$ and
                        higher order electroweak effects}",
      journal        = "JHEP",
      volume         = "0404",
      pages          = "071",
      doi            = "10.1088/1126-6708/2004/04/071",
      year           = "2004",
      eprint         = "hep-ph/0312090",
      archivePrefix  = "arXiv",
      primaryClass   = "hep-ph",
      reportNumber   = "CERN-TH-2003-260, TUM-HEP-532-03, FERMILAB-PUB-03-046-T,
                        UCSD-PTH-03-19, IPPP-03-77",
      SLACcitation   = "%%CITATION = HEP-PH/0312090;%%",
}

@article{Boer:2014kda,
      author         = "B{\"o}er, Philipp and Feldmann, Thorsten and van Dyk, Danny",
      title          = "{Angular Analysis of the Decay $\Lambda_b \to \Lambda
                        (\to N \pi) \ell^+\ell^-$}",
      journal        = "JHEP",
      volume         = "1501",
      pages          = "155",
      doi            = "10.1007/JHEP01(2015)155",
      year           = "2015",
      eprint         = "1410.2115",
      archivePrefix  = "arXiv",
      primaryClass   = "hep-ph",
      reportNumber   = "SI-HEP-2014-16, QFET-2014-11, EOS-2014-01",
      SLACcitation   = "%%CITATION = ARXIV:1410.2115;%%",
}

@article{Bourrely:2008za,
      author         = "Bourrely, Claude and Caprini, Irinel and Lellouch,
                        Laurent",
      title          = "{Model-independent description of $B \to \pi \ell \bar\nu$
                        decays and a determination of $|V_{ub}|$}",
      journal        = "Phys.Rev.",
      volume         = "D79",
      pages          = "013008",
      doi            = "10.1103/PhysRevD.82.099902, 10.1103/PhysRevD.79.013008",
      year           = "2009",
      eprint         = "0807.2722",
      archivePrefix  = "arXiv",
      primaryClass   = "hep-ph",
      reportNumber   = "CPT-P36-2007",
      SLACcitation   = "%%CITATION = ARXIV:0807.2722;%%",
}

@article{Buchalla:1995vs,
      author         = "Buchalla, Gerhard and Buras, Andrzej J. and Lautenbacher,
                        Markus E.",
      title          = "{Weak decays beyond leading logarithms}",
      journal        = "Rev.Mod.Phys.",
      volume         = "68",
      pages          = "1125-1144",
      doi            = "10.1103/RevModPhys.68.1125",
      year           = "1996",
      eprint         = "hep-ph/9512380",
      archivePrefix  = "arXiv",
      primaryClass   = "hep-ph",
      reportNumber   = "SLAC-PUB-7009, SLAC-PUB-95-7009, MPI-PH-95-104,
                        TUM-T31-100-95, FERMILAB-PUB-95-305-T",
      SLACcitation   = "%%CITATION = HEP-PH/9512380;%%",
}

@article{Buras:1998raa,
      author         = "Buras, Andrzej J.",
      title          = "{Weak Hamiltonian, CP violation and rare decays}",
      pages          = "281-539",
      year           = "1998",
      eprint         = "hep-ph/9806471",
      archivePrefix  = "arXiv",
      primaryClass   = "hep-ph",
      reportNumber   = "TUM-HEP-316-98",
      SLACcitation   = "%%CITATION = HEP-PH/9806471;%%",
}

@article{Chetyrkin:1996vx,
      author         = "Chetyrkin, Konstantin G. and Misiak, Mikolaj and Munz,
                        Manfred",
      title          = "{Weak radiative $B$ meson decay beyond leading logarithms}",
      journal        = "Phys.Lett.",
      volume         = "B400",
      pages          = "206-219",
      doi            = "10.1016/S0370-2693(97)00324-9",
      year           = "1997",
      eprint         = "hep-ph/9612313",
      archivePrefix  = "arXiv",
      primaryClass   = "hep-ph",
      reportNumber   = "ZU-TH-24-96, TUM-HEP-263-96, MPI-PHT-96-123",
      SLACcitation   = "%%CITATION = HEP-PH/9612313;%%",
}

@article{Chetyrkin:1997gb,
      author         = "Chetyrkin, Konstantin G. and Misiak, Mikolaj and Munz,
                        Manfred",
      title          = "{$|\Delta F| = 1$ nonleptonic effective Hamiltonian in a
                        simpler scheme}",
      journal        = "Nucl.Phys.",
      volume         = "B520",
      pages          = "279-297",
      doi            = "10.1016/S0550-3213(98)00131-X",
      year           = "1998",
      eprint         = "hep-ph/9711280",
      archivePrefix  = "arXiv",
      primaryClass   = "hep-ph",
      reportNumber   = "MPI-PHT-97-51, TTP-97-44, ZU-TH-17-97, TUM-HEP-285-97,
                        IFT-12-97",
      SLACcitation   = "%%CITATION = HEP-PH/9711280;%%",
}

@article{Huber:2005ig,
      author         = "Huber, Tobias and Lunghi, Enrico and Misiak, Mikolaj and
                        Wyler, Daniel",
      title          = "{Electromagnetic logarithms in $B \to X_s \ell^+ \ell^-$}",
      journal        = "Nucl.Phys.",
      volume         = "B740",
      pages          = "105-137",
      doi            = "10.1016/j.nuclphysb.2006.01.037",
      year           = "2006",
      eprint         = "hep-ph/0512066",
      archivePrefix  = "arXiv",
      primaryClass   = "hep-ph",
      reportNumber   = "ZU-TH-06-05, IFT-6-2005, FERMILAB-PUB-05-531-T",
      SLACcitation   = "%%CITATION = HEP-PH/0512066;%%",
}